%%%%Modeling %%%%
@Article{Anderson1982,
   Author="Anderson, R. M.  and May, R. M. ",
   Title="{{D}irectly transmitted infections diseases: control by vaccination}",
   Journal="Science",
   Year="1982",
   Volume="215",
   Number="4536",
   Pages="1053--1060",
   Month="Feb"
}
@Article{Anderson1985,
   Author="Anderson, R. M.  and May, R. M. ",
   Title="{{A}ge-related changes in the rate of disease transmission: implications for the design of vaccination programmes}",
   Journal="J Hyg (Lond)",
   Year="1985",
   Volume="94",
   Number="3",
   Pages="365--436",
   Month="Jun"
}
@Article{Kiss2008,
   Author="Kiss, I. Z.  and Green, D. M.  and Kao, R. R. ",
   Title="{{T}he effect of network mixing patterns on epidemic dynamics and the efficacy of disease contact tracing}",
   Journal="J R Soc Interface",
   Year="2008",
   Volume="5",
   Number="24",
   Pages="791--799",
   Month="Jul"
}
% 23990880 
@Article{Miller2013,
   Author="Miller, J. C.  and Volz, E. M. ",
   Title="{{I}ncorporating disease and population structure into models of {S}{I}{R} disease in contact networks}",
   Journal="PLoS ONE",
   Year="2013",
   Volume="8",
   Number="8",
   Pages="e69162"
}

% 17640863 
@Article{Bansal2007,
   Author="Bansal, S.  and Grenfell, B. T.  and Meyers, L. A. ",
   Title="{{W}hen individual behaviour matters: homogeneous and network models in epidemiology}",
   Journal="J R Soc Interface",
   Year="2007",
   Volume="4",
   Number="16",
   Pages="879--891",
   Month="Oct"
}

@article{Glasser2012,
title = "Mixing in age-structured population models of infectious diseases",
journal = "Mathematical Biosciences",
volume = "235",
number = "1",
pages = "1 - 7",
year = "2012",
issn = "0025-5564",
doi = "https://doi.org/10.1016/j.mbs.2011.10.001",
url = "http://www.sciencedirect.com/science/article/pii/S0025556411001477",
author = "John Glasser and Zhilan Feng and Andrew Moylan and Sara Del Valle and Carlos Castillo-Chavez",
keywords = "Interpersonal contacts, Preferential mixing, Transmission modeling, Intervention assessment, Indirect effects"
}
@Article{Brooks2010,
   Author="Brooks-Pollock, E.  and Cohen, T.  and Murray, M. ",
   Title="{{T}he impact of realistic age structure in simple models of tuberculosis transmission}",
   Journal="PLoS ONE",
   Year="2010",
   Volume="5",
   Number="1",
   Pages="e8479",
   Month="Jan"
}
@Article{Castillo1989,
   Author="Castillo-Chavez, C.  and Hethcote, H. W.  and Andreasen, V.  and Levin, S. A.  and Liu, W. M. ",
   Title="{{E}pidemiological models with age structure, proportionate mixing, and cross-immunity}",
   Journal="J Math Biol",
   Year="1989",
   Volume="27",
   Number="3",
   Pages="233--258"
}
@article{Metcalf2012,
	series = {Structured {Population} {Models}: {Construction}, {Analysis}, {Inference}},
	title = {Structured models of infectious disease: {Inference} with discrete data},
	volume = {82},
	issn = {0040-5809},
	shorttitle = {Structured models of infectious disease},
	number = {4},
	urldate = {2017-11-14TZ},
	journal = {Theoretical Population Biology},
	author = {Metcalf, C. J. E. and Lessler, J. and Klepac, P. and Morice, A. and Grenfell, B. T. and Bjørnstad, O. N.},
	month = dec,
	year = {2012},
	pages = {275--282}
}


@article{article,
author = {Hethcote, Herbert},
year = {2008},
month = {12},
pages = {16-1},
title = {Age-Structured Epidemiology Models and Expressions for R0},
volume = {27}
}
@ARTICLE{Meyer2015,
   author = {{Meyer}, S. and {Held}, L.},
    title = "{Incorporating social contact data in spatio-temporal models for infectious disease spread}",
  journal = {ArXiv e-prints},
archivePrefix = "arXiv",
   eprint = {1512.01065},
 primaryClass = "stat.ME",
 keywords = {Statistics - Methodology, Physics - Physics and Society, Quantitative Biology - Populations and Evolution, Statistics - Applications},
     year = 2015,
    month = dec,
   adsurl = {http://adsabs.harvard.edu/abs/2015arXiv151201065M},
  adsnote = {Provided by the SAO/NASA Astrophysics Data System}
}
@Article{Ajelli2017,
   Author="Ajelli, M.  and Litvinova, M. ",
   Title="{{E}stimating contact patterns relevant to the spread of infectious diseases in {R}ussia}",
   Journal="J. Theor. Biol.",
   Year="2017",
   Volume="419",
   Pages="1--7",
   Month="Apr"
}

@Article{Apolloni2014,
   Author="Apolloni, A.  and Poletto, C.  and Ramasco, J. J.  and Jensen, P.  and Colizza, V. ",
   Title="{{M}etapopulation epidemic models with heterogeneous mixing and travel behaviour}",
   Journal="Theor Biol Med Model",
   Year="2014",
   Volume="11",
   Pages="3",
   Month="Jan"
}

@Article{Fumanelli2012,
   Author="Fumanelli, L.  and Ajelli, M.  and Manfredi, P.  and Vespignani, A.  and Merler, S. ",
   Title="{{I}nferring the structure of social contacts from demographic data in the analysis of infectious diseases spread}",
   Journal="PLoS Comput. Biol.",
   Year="2012",
   Volume="8",
   Number="9",
   Pages="e1002673"
}

@Article{Melegaro2011,
   Author="Melegaro, A.  and Jit, M.  and Gay, N.  and Zagheni, E.  and Edmunds, W. J. ",
   Title="{{W}hat types of contacts are important for the spread of infections?: using contact survey data to explore {E}uropean mixing patterns}",
   Journal="Epidemics",
   Year="2011",
   Volume="3",
   Number="3-4",
   Pages="143--151",
   Month="Sep"
}

@Article{Horby2011,
   Author="Horby, P.  and Pham, Q. T.  and Hens, N.  and Nguyen, T. T.  and Le, Q. M.  and Dang, D. T.  and Nguyen, M. L.  and Nguyen, T. H.  and Alexander, N.  and Edmunds, W. J.  and Tran, N. D.  and Fox, A.  and Nguyen, T. H. ",
   Title="{{S}ocial contact patterns in {V}ietnam and implications for the control of infectious diseases}",
   Journal="PLoS ONE",
   Year="2011",
   Volume="6",
   Number="2",
   Pages="e16965",
   Month="Feb"
}

@Article{Hens2009,
   Author="Hens, N.  and Goeyvaerts, N.  and Aerts, M.  and Shkedy, Z.  and Van Damme, P.  and Beutels, P. ",
   Title="{{M}ining social mixing patterns for infectious disease models based on a two-day population survey in {B}elgium}",
   Journal="BMC Infect. Dis.",
   Year="2009",
   Volume="9",
   Pages="5",
   Month="Jan"
}

@Article{Mossong2008,
   Author="Mossong, J.  and Hens, N.  and Jit, M.  and Beutels, P.  and Auranen, K.  and Mikolajczyk, R.  and Massari, M.  and Salmaso, S.  and Tomba, G. S.  and Wallinga, J.  and Heijne, J.  and Sadkowska-Todys, M.  and Rosinska, M.  and Edmunds, W. J. ",
   Title="{{S}ocial contacts and mixing patterns relevant to the spread of infectious diseases}",
   Journal="PLoS Med.",
   Year="2008",
   Volume="5",
   Number="3",
   Pages="e74",
   Month="Mar"
}


%%%% Syndromic surveillance Systems %%%%
@article{Abat2016Surveillance,
title = "Traditional and syndromic surveillance of infectious diseases and pathogens",
journal = "International Journal of Infectious Diseases",
volume = "48",
pages = "22 - 28",
year = "2016",
issn = "1201-9712",
doi = "https://doi.org/10.1016/j.ijid.2016.04.021",
url = "http://www.sciencedirect.com/science/article/pii/S1201971216310384",
author = "Cedric Abat and Herva Chaudet and Jean-Marc Rolain and Philippe Colson and Didier Raoult",
keywords = "Surveillance, Infectious diseases, Epidemiology, Clinical microbiology laboratories"
}

@article{Henning2004,
title = "Overview of Syndromic Surveillance: What is Syndromic Surveillance?",
journal = {Morbidity and Mortality Weekly Report},
volume = "53 Supplement",
pages = "S5-S11",
year = "2004",
author = "Henning, Kelly J.",
}

@article{KATZ201121,
title = "Redefining syndromic surveillance",
journal = "Journal of Epidemiology and Global Health",
volume = "1",
number = "1",
pages = "21 - 31",
year = "2011",
issn = "2210-6006",
doi = "https://doi.org/10.1016/j.jegh.2011.06.003",
url = "http://www.sciencedirect.com/science/article/pii/S2210600611000050",
author = "Rebecca Katz and Larissa May and Julia Baker and Elisa Test",
}

@article{Samaras2017,
title = "Syndromic Surveillance Models Using Web Data: The Case of Influenza in Greece and Italy Using Google Trends",
journal = "JMIR Public Health and Surveillance",
volume = "3",
number = "4",
year = "2017",
author = "Samaras, L., Varcio-Barriocanal, E., and Sicilia, M.-A.",
keywords = "Biosurveillance, Epidemiology, Disease outbreaks, Population surveillance, Syndrome, Syndromic surveillance"
}

@Article{Simonsen2016,
   Author="Simonsen, L.  and Gog, J. R.  and Olson, D.  and Viboud, C. ",
   Title="{{I}nfectious {D}isease {S}urveillance in the {B}ig {D}ata {E}ra: {T}owards {F}aster and {L}ocally {R}elevant {S}ystems}",
   Journal="J. Infect. Dis.",
   Year="2016",
   Volume="214",
   Number="suppl_4",
   Pages="S380-S385",
   Month="Dec"
}




%%%Syndromic Definitions %%%%
@article{Katz2004,
author = {Katz, Samuel L. and Hutchins, Sonja S. and Papania, Mark J. and Amler, Robert and Maes, Edward F. and Grabowsky, Mark and Bromberg, Kenneth and Glasglow, Victoria and Speed, Tamika and Bellini, William and Orenstein, Walter A.},
title = {Evaluation of the Measles Clinical Case Definition},
journal = {The Journal of Infectious Diseases},
volume = {189},
number = {Supplement1},
pages = {S153-S159},
year = {2004},
doi = {10.1086/379652},
URL = {http://dx.doi.org/10.1086/379652},
eprint = {/oup/backfile/content_public/journal/jid/189/supplement_1/10.1086/379652/3/189-supplement_1-s153.pdf}
}

@article{WHOFluSyndromeIndia,
author = {Hirve, Siddihivinayak et. al.},
title = {Performance of case definitions used for influenza surveillance among hospitalized patients in a rural area of India},
journal = {Bulletin of the World Health Organization},
volume = {90},
number = {11},
pages = {793-868},
year = {2012},
}

@Article{Casalegno2017,
   Author="Casalegno, J. S.  and Eibach, D.  and Valette, M.  and Enouf, V.  and Daviaud, I.  and Behillil, S.  and Vabret, A.  and Soulary, J. C.  and Benchaib, M.  and Cohen, J. M.  and van der Werf, S.  and Mosnier, A.  and Lina, B. ",
   Title="{{P}erformance of influenza case definitions for influenza community surveillance: based on the {F}rench influenza surveillance network {G}{R}{O}{G}, 2009-2014}",
   Journal="Euro Surveill.",
   Year="2017",
   Volume="22",
   Number="14",
   Month="Apr"
}
@Article{Laxmiv2013,
   Author="Laxmivandana, R.  and Yergolkar, P.  and Gopalkrishna, V.  and Chitambar, S. D. ",
   Title="{{C}haracterization of the non-polio enterovirus infections associated with acute flaccid paralysis in {S}outh-{W}estern {I}ndia}",
   Journal="PLoS ONE",
   Year="2013",
   Volume="8",
   Number="4",
   Pages="e61650"
}
@Article{Bassey2011,
   Author="Bassey, B. E.  and Gasasira, A.  and Mitula, P.  and Frankson, U. U.  and Adeniji, J. A. ",
   Title="{{S}urveillance of acute flaccid paralysis in {A}kwa {I}bom {S}tate, {N}igeria 2004-2009}",
   Journal="Pan Afr Med J",
   Year="2011",
   Volume="9",
   Pages="32"
}


@Article{Fowlkes2013,
   Author="Fowlkes, A.  and Dasgupta, S.  and Chao, E.  and Lemmings, J.  and Goodin, K.  and Harris, M.  and Martin, K.  and Feist, M.  and Wu, W.  and Boulton, R.  and Temte, J.  and Brammer, L.  and Finelli, L. ",
   Title="{{E}stimating influenza incidence and rates of influenza-like illness in the outpatient setting}",
   Journal="Influenza Other Respir Viruses",
   Year="2013",
   Volume="7",
   Number="5",
   Pages="694--700",
   Month="Sep"
}

%%% Lab Confirmation %%%
@article{Grenfell1985, 
title={The estimation of age-related rates of infection from case notifications and serological data}, 
volume={95}, 
DOI={10.1017/S0022172400062859}, 
number={2},
 journal={Journal of Hygiene},
  publisher={Cambridge University Press},
   author={Grenfell, B. T. and Anderson, R. M.},
    year={1985}, 
    pages={419?436}}
@article{10.2307/2680869,
 journal = {Journal of the Royal Statistical Society. Series C (Applied Statistics)},
 number = {3},
 pages = {251--292},
 publisher = {[Wiley, Royal Statistical Society]},
 title = {Estimation of the Basic Reproduction Number for Infectious Diseases from Age-Stratified Serological Survey Data},
 volume = {50},
 year = {2001},
 author = {Farrington, C.P., Kanaan, M.N., and Gay, N.J.}
}
@article{Cutts1995,
author = {F. T. Cutts and D. W. G. Brown},
title = {The contribution of field tests to measles surveillance and control: A review of available methods},
journal = {Reviews in Medical Virology},
volume = {5},
number = {1},
pages = {35-40},
year = {1995},
doi = {10.1002/rmv.1980050105},
}
@Article{Fowlkes2014,
   Author="Fowlkes, A.  and Giorgi, A.  and Erdman, D.  and Temte, J.  and Goodin, K.  and Di Lonardo, S.  and Sun, Y.  and Martin, K.  and Feist, M.  and Linz, R.  and Boulton, R.  and Bancroft, E.  and McHugh, L.  and Lojo, J.  and Filbert, K.  and Finelli, L.  and Lemmings, J.  and Whitaker, B.  and Lang, B.  and Lynfield, R.  and Carroll, L.  and Boxrud, D.  and Stark, L.  and Heberlein-Larson, L.  and Mock, V.  and Desjardin, L.  and Trythall, M.  and Fu, J.  and Atkinson, A.  and Gren, L.  and Reisdorf, E.  and Grenz, L.  and Biggs, C.  and Sturgeon, J.  and Rivas, H.  and Wolf, B.  and Lute, J.  and Kurkjian, K.  and Toney, D. ",
   Title="{{V}iruses associated with acute respiratory infections and influenza-like illness among outpatients from the {I}nfluenza {I}ncidence {S}urveillance {P}roject, 2010-2011}",
   Journal="J. Infect. Dis.",
   Year="2014",
   Volume="209",
   Number="11",
   Pages="1715--1725",
   Month="Jun"
}


%%%% Measles %%%%
@Article{Guerra2017,
   Author="Guerra, F. M.  and Bolotin, S.  and Lim, G.  and Heffernan, J.  and Deeks, S. L.  and Li, Y.  and Crowcroft, N. S. ",
   Title="{{T}he basic reproduction number ({R}0) of measles: a systematic review}",
   Journal="Lancet Infect Dis",
   Year="2017",
   Volume="17",
   Number="12",
   Pages="e420-e428",
   Month="Dec"
}

@Article{Bentley2014,
   Author="Bentley, J.  and Rouse, J.  and Pinfield, J. ",
   Title="{{M}easles: pathology, management and public health issues}",
   Journal="Nurs Stand",
   Year="2014",
   Volume="28",
   Number="38",
   Pages="51--58",
   Month="May"
}

@Article{Cutts2013, 
   Author="Cutts, F. T.  and Lessler, J.  and Metcalf, C. J. ",
   Title="{{M}easles elimination: progress, challenges and implications for rubella control}",
   Journal="Expert Rev Vaccines",
   Year="2013",
   Volume="12",
   Number="8",
   Pages="917--932",
   Month="Aug"
}

@Article{Edmunds2000,
   Author="Edmunds, W. J.  and Gay, N. J.  and Kretzschmar, M.  and Pebody, R. G.  and Wachmann, H. ",
   Title="{{T}he pre-vaccination epidemiology of measles, mumps and rubella in {E}urope: implications for modelling studies}",
   Journal="Epidemiol. Infect.",
   Year="2000",
   Volume="125",
   Number="3",
   Pages="635--650",
   Month="Dec"
}

@Article{Wallinga2001,
   Author="Wallinga, J.  and Levy-Bruhl, D.  and Gay, N. J.  and Wachmann, C. H. ",
   Title="{{E}stimation of measles reproduction ratios and prospects for elimination of measles by vaccination in some {W}estern {E}uropean countries}",
   Journal="Epidemiol. Infect.",
   Year="2001",
   Volume="127",
   Number="2",
   Pages="281--295",
   Month="Oct"
}
@Article{Xia2004,
   Author="Xia, Y.  and Bj?rnstad, O. N.  and Grenfell, B. T. ",
   Title="{{M}easles metapopulation dynamics: a gravity model for epidemiological coupling and dynamics}",
   Journal="Am. Nat.",
   Year="2004",
   Volume="164",
   Number="2",
   Pages="267--281",
   Month="Aug"
}
@Article{Grenfell2001,
   Author="Grenfell, B. T.  and Bj?rnstad, O. N.  and Kappey, J. ",
   Title="{{T}ravelling waves and spatial hierarchies in measles epidemics}",
   Journal="Nature",
   Year="2001",
   Volume="414",
   Number="6865",
   Pages="716--723",
   Month="Dec"
}




%%% Rubella %%%
@article{Nikolaos2007,
author = { Nikolaos, S., Greenhalgh, D.,  Lewis, F.},
title = {The Basic Reproduction Number and the Vaccination Coverage Required to Eliminate Rubella from England and Wales},
journal = {Mathematical Population Studies},
volume = {14},
number = {1},
pages = {3-29},
year  = {2007},
publisher = {Routledge},
doi = {10.1080/08898480601090634},
	}



%%% Flu %%%
@Article{Biggerstaff2014,
author="Biggerstaff, Matthew, Cauchemez, Simon, Reed, Carrie, Gambhir, Manoj, and Finelli, Lyn",
title="Estimates of the reproduction number for seasonal, pandemic, and zoonotic influenza: a systematic review of the literature",
journal="BMC Infectious Diseases",
year="2014",
month="Sep",
day="04",
volume="14",
number="1",
pages="480",
issn="1471-2334",
doi="10.1186/1471-2334-14-480",
}

%%%Catalytic Models %%%
@article{Griffiths1974,
 author = {D. A. Griffiths},
 journal = {Journal of the Royal Statistical Society. Series C (Applied Statistics)},
 number = {3},
 pages = {330--339},
 publisher = {[Wiley, Royal Statistical Society]},
 title = {A Catalytic Model of Infection for Measles},
 volume = {23},
 year = {1974}
}
@article {Kermack1927,
	author = { and },
	title = {A contribution to the mathematical theory of epidemics},
	volume = {115},
	number = {772},
	pages = {700--721},
	year = {1927},
	doi = {10.1098/rspa.1927.0118},
	publisher = {The Royal Society},
	issn = {0950-1207},
	URL = {http://rspa.royalsocietypublishing.org/content/115/772/700},
	eprint = {http://rspa.royalsocietypublishing.org/content/115/772/700.full.pdf},
	journal = {Proceedings of the Royal Society of London A: Mathematical, Physical and Engineering Sciences}
}
@BOOK{CatMod,
  TITLE = {Catalytic Models in Epidemiology},
  AUTHOR = {Muench, Hugo Jr.},
  YEAR = {1959}, 
  PUBLISHER = {Harvard University Press},
}



%%% Other %%%
@misc{UNPopulation2017,
  title = {World Population Prospects, 2017},
  howpublished = {\url{https://esa.un.org/unpd/wpp/}},
  note = {Accessed: 2018-4-10}
}
@misc{WHOdata,
title = {WHO Measles Case Data},
author = {World Health Organization},
year = {2005-2017}
}
@misc{PTMCMC,
  author       = {Justin Ellis and
                  Rutger van Haasteren},
  title        = {jellis18/PTMCMCSampler: Official Release},
  month        = oct,
  year         = 2017,
  doi          = {10.5281/zenodo.1037579},
  url          = {https://doi.org/10.5281/zenodo.1037579}
}
@article{Arzoumanian2014,
      author         = "Arzoumanian, Z. and others",
      title          = "{Gravitational Waves From Individual Supermassive Black
                        Hole Binaries in Circular Orbits: Limits From the North
                        American Nanohertz Observatory for Gravitational Waves}",
      collaboration  = "NANOGrav",
      journal        = "Astrophys. J.",
      volume         = "794",
      year           = "2014",
      number         = "2",
      pages          = "141",
      doi            = "10.1088/0004-637X/794/2/141",
      eprint         = "1404.1267",
      archivePrefix  = "arXiv",
      primaryClass   = "astro-ph.GA",
      SLACcitation   = "%%CITATION = ARXIV:1404.1267;%%"
}
